@article{PTAM,
	author = {Klein, Georg and Murray, David},
	journal = {IEEE and ACM International Symposium on Mixed and Augmented Reality},
	month = nov,
	publisher = {IEEE},
	title = {{Parallel Tracking and Mapping for Small AR Workspaces}},
	year = {2007}
}

@article{DVS,
	author = {Lichtsteiner, P. and Posch, C. and Delbruck, T.},
	journal = {IEEE Journal of Solid-State Circuits},
	month = feb,
	publisher = {IEEE},
	title = {{A 128 x 128 120 dB 15 us Latency Asynchronous Temporal Contrast Vision Sensor}},
	volume = 43,
	number = 2,
	pages = {566 -- 576},
	year = {2008}
}

@mastersthesis{Matthias,
    author    = "Hofstetter, M.",
    title     = "Temporal Pattern-Based Active Marker Identification and Tracking Using a Dynamic Vision Sensor",
    school    = "Institue of Neuroinformatics, ETH Zurich",
    type     = "Master thesis",
    year      = "2012",
    month    = "January"
}

@mastersthesis{Saner,
    author    = "Saner, C.",
    title     = "Autonomous Map Building with a Low-Cost Quadcopter",
    school    = "Artificial Intelligence Lab, University of Zurich",
    type     = "Semester thesis",
    year      = "2012",
    month    = "December"
}


@article{LineTracking,
	author = {Deriche, R. and Faugeras, O.},
	journal = {Image and Vision Computing},
	month = nov,
	title = {{Tracking line segments}},
	year = {1990},
	volume = 8,
	number = 4,
	pages = {261 -- 270}
}

@article{SIFT,
	author = {Lowe, D.G.},
	journal = {The Proceedings of the Seventh IEEE International Conference on Computer Vision},
	publisher = {IEEE},
	title = {{Object recognition from local scale-invariant features}},
	volume = 2,
	number = 2,
	pages = {1150 -- 1157},
	year = {1999}
}